<record><leader>00000cas a22000007i 4500</leader><controlfield tag="001">862978944</controlfield><controlfield tag="006">m     o  d        </controlfield><controlfield tag="007">cr |n|000|||||</controlfield><controlfield tag="008">840920d18691897mtuwr neo     0   a0eng  </controlfield><datafield ind1=" " ind2=" " tag="010"><subfield code="a">  2013272190</subfield></datafield><datafield ind1=" " ind2=" " tag="040"><subfield code="a">Nz</subfield><subfield code="b">eng</subfield><subfield code="e">rda</subfield><subfield code="c">Z5A</subfield><subfield code="d">DLC</subfield><subfield code="d">OCLCF</subfield></datafield><datafield ind1="0" ind2=" " tag="022"><subfield code="a">2332-760X</subfield><subfield code="2">1</subfield></datafield><datafield ind1="0" ind2=" " tag="029"><subfield code="a">NZ1</subfield><subfield code="b">15127532</subfield></datafield><datafield ind1=" " ind2=" " tag="042"><subfield code="a">msc</subfield><subfield code="a">nsdp</subfield></datafield><datafield ind1=" " ind2=" " tag="043"><subfield code="a">n-us-mt</subfield></datafield><datafield ind1="1" ind2="0" tag="050"><subfield code="a">ISSN RECORD</subfield></datafield><datafield ind1="0" ind2="0" tag="082"><subfield code="a">071</subfield><subfield code="2">23</subfield></datafield><datafield ind1="0" ind2=" " tag="130"><subfield code="a">New North-west (Online)</subfield></datafield><datafield ind1=" " ind2="4" tag="222"><subfield code="a">The new North-west</subfield><subfield code="b">(Online)</subfield></datafield><datafield ind1="0" ind2="4" tag="245"><subfield code="a">The new North-west.</subfield></datafield><datafield ind1=" " ind2="1" tag="264"><subfield code="a">Deer Lodge City, Montana :</subfield><subfield code="b">Jas. H. Mills,</subfield><subfield code="c">1869-1897.</subfield></datafield><datafield ind1=" " ind2=" " tag="300"><subfield code="a">1 online resource</subfield></datafield><datafield ind1=" " ind2=" " tag="310"><subfield code="a">Weekly</subfield></datafield><datafield ind1=" " ind2=" " tag="336"><subfield code="a">text</subfield><subfield code="b">txt</subfield><subfield code="2">rdacontent</subfield></datafield><datafield ind1=" " ind2=" " tag="337"><subfield code="a">computer</subfield><subfield code="b">c</subfield><subfield code="2">rdamedia</subfield></datafield><datafield ind1=" " ind2=" " tag="338"><subfield code="a">online resource</subfield><subfield code="b">cr</subfield><subfield code="2">rdacarrier</subfield></datafield><datafield ind1="1" ind2=" " tag="362"><subfield code="a">Began with volume 1, number 1 (July 9, 1869); ceased with vol. 28, no. 42 (April 30, 1897), whole no. 1240.</subfield></datafield><datafield ind1=" " ind2=" " tag="500"><subfield code="a">"We subscribe to the People's Platform," 1869; "Republican in politics," 1870-1894 and 1896-1897; "a Populist paper," 1894-1896.</subfield></datafield><datafield ind1=" " ind2=" " tag="500"><subfield code="a">"Official paper of Deer Lodge County," 1887-1890.</subfield></datafield><datafield ind1=" " ind2=" " tag="588"><subfield code="a">Description based on: Volume 1, number 1 (July 9, 1869); title from masthead (Chroniclingamerica.loc.gov, viewed December 18, 2013).</subfield></datafield><datafield ind1=" " ind2=" " tag="588"><subfield code="a">Latest issue consulted: Vol. 28, no. 42 (April 30, 1897, whole no. 1240 (Chroniclingamerica.loc.gov, viewed December 18, 2013).</subfield></datafield><datafield ind1=" " ind2="0" tag="651"><subfield code="a">Deer Lodge (Mont.)</subfield><subfield code="v">Newspapers.</subfield></datafield><datafield ind1=" " ind2="7" tag="655"><subfield code="a">Newspapers.</subfield><subfield code="2">fast</subfield><subfield code="0">(OCoLC)fst01423814</subfield></datafield><datafield ind1=" " ind2="7" tag="651"><subfield code="a">Montana</subfield><subfield code="z">Deer Lodge.</subfield><subfield code="2">fast</subfield><subfield code="0">(OCoLC)fst01213914</subfield></datafield><datafield ind1=" " ind2=" " tag="752"><subfield code="a">United States</subfield><subfield code="b">Montana</subfield><subfield code="c">Powell</subfield><subfield code="d">Deer Lodge.</subfield></datafield><datafield ind1="0" ind2="8" tag="776"><subfield code="i">Originally issued in print:</subfield><subfield code="t">New North-west</subfield><subfield code="x">2332-7596</subfield><subfield code="w">(DLC)sn 84038125</subfield><subfield code="w">(OCoLC)11177540</subfield></datafield><datafield ind1="0" ind2="7" tag="785"><subfield code="t">Anaconda recorder (Anaconda, Mont. : Weekly : Online)</subfield></datafield><datafield ind1="0" ind2="7" tag="785"><subfield code="t">Anaconda recorder and new Northwest (Online)</subfield></datafield><datafield ind1="4" ind2="0" tag="856"><subfield code="u">http://www.loc.gov/chroniclingamerica/lccn/sn84038125/issues</subfield></datafield></record>